@article{Broglie1924Quanta,
    title = {{ XXXV. A tentative theory of light quanta }},
    year = {1924},
    journal = {The London, Edinburgh, and Dublin Philosophical Magazine and Journal of Science},
    author = {Broglie, Louis de},
    number = {278},
    month = {2},
    pages = {446--458},
    volume = {47},
    publisher = {Informa UK Limited},
    url = {https://www.tandfonline.com/doi/abs/10.1080/14786442408634378},
    doi = {10.1080/14786442408634378},
    issn = {1941-5982}
}

@book{BachorAOptics,
    title = {{A guide to experiments in quantum optics}},
    author = {Bachor, Hans-a and Ralph, Timot C},
    isbn = {3527403930}
}

@article{Shannon1948ACommunication,
    title = {{A Mathematical Theory of Communication}},
    year = {1948},
    journal = {Bell System Technical Journal},
    author = {Shannon, C. E.},
    number = {4},
    pages = {623--656},
    volume = {27},
    doi = {10.1002/j.1538-7305.1948.tb00917.x},
    issn = {15387305}
}

@article{Knill2001AOptics,
    title = {{A scheme for efficient quantum computation with linear optics}},
    year = {2001},
    journal = {Nature},
    author = {Knill, E. and Laflamme, R. and Milburn, G. J.},
    number = {6816},
    pages = {46--52},
    volume = {409},
    doi = {10.1038/35051009},
    issn = {00280836},
    pmid = {11343107}
}

@misc{AstigmatismInstitute,
    title = {{Astigmatism | National Eye Institute}},
    url = {https://www.nei.nih.gov/learn-about-eye-health/eye-conditions-and-diseases/astigmatism}
}

@techreport{AZPackage,
    title = {{AZ 5200-E Photoresist Data Package}}
}

@article{Bohr1935CanComplete,
    title = {{Can quantum-mechanical description of physical reality be considered complete?}},
    year = {1935},
    journal = {Physical Review},
    author = {Bohr, Niels},
    volume = {48},
    isbn = {9788578110796},
    doi = {10.1017/CBO9781107415324.004},
    issn = {1098-6596},
    pmid = {25246403},
    arxivId = {arXiv:1011.1669v3},
    keywords = {icle}
}

@article{N.2010CanCorrect,
    title = {{Can quantum-mechanical description of physical reality be considered correct?}},
    year = {2010},
    journal = {Foundations of Physics},
    author = {N., A. Einstein; B. Podosly; Rosen},
    number = {4},
    pages = {463--468},
    volume = {40},
    doi = {10.1007/s10701-010-9411-9},
    issn = {00159018},
    arxivId = {quant-ph/0701001},
    keywords = {Einstein-Podolsky-Rosen, Elements of reality, Logic, Quantum mechanics}
}

@article{Bojko2011ElectronWaveguides,
    title = {{Electron beam lithography writing strategies for low loss, high confinement silicon optical waveguides}},
    year = {2011},
    journal = {Journal of Vacuum Science {\&} Technology B, Nanotechnology and Microelectronics: Materials, Processing, Measurement, and Phenomena},
    author = {Bojko, Richard J. and Li, Jing and He, Li and Baehr-Jones, Tom and Hochberg, Michael and Aida, Yukinori},
    number = {6},
    month = {11},
    pages = {06F309},
    volume = {29},
    publisher = {American Vacuum Society},
    url = {http://avs.scitation.org/doi/10.1116/1.3653266},
    doi = {10.1116/1.3653266},
    issn = {2166-2746},
    keywords = {electron beam lithography, elemental semiconductors, hydrogen silsesquioxane (HSQ), optical fabrication, optical losses, optical waveguides, passivation, poly(methyl methacrylate) (PMMA), silicon}
}

@article{Tennant2000EvaluationSystem,
    title = {{Evaluation of a 100 kV thermal field emission electron-beam nanolithography system}},
    year = {2000},
    journal = {Journal of Vacuum Science {\&} Technology B: Microelectronics and Nanometer Structures},
    author = {Tennant, D. M. and Fullowan, R. and Takemura, H. and Isobe, M. and Nakagawa, Y.},
    number = {6},
    month = {12},
    pages = {3089},
    volume = {18},
    publisher = {American Vacuum Society},
    url = {http://scitation.aip.org/content/avs/journal/jvstb/18/6/10.1116/1.1319707},
    doi = {10.1116/1.1319707},
    issn = {0734211X},
    keywords = {electron beam lithography, electron optics, image resolution, nanotechnology, performance evaluation}
}

@article{Zeilinger1999ExperimentPhysics,
    title = {{Experiment and the foundations of quantum physics}},
    year = {1999},
    journal = {Reviews of Modern Physics},
    author = {Zeilinger, Anton},
    number = {SUPPL. 2},
    month = {3},
    pages = {S288},
    volume = {71},
    publisher = {American Physical Society},
    url = {https://journals.aps.org/rmp/abstract/10.1103/RevModPhys.71.S288},
    doi = {10.1103/revmodphys.71.s288},
    issn = {00346861}
}

@inproceedings{Shaw2005FabricationWaveguides,
    title = {{Fabrication techniques for low-loss silicon nitride waveguides}},
    year = {2005},
    booktitle = {Micromachining Technology for Micro-Optics and Nano-Optics III},
    author = {Shaw, Michael J. and Guo, Junpeng and Vawter, Gregory A. and Habermehl, Scott and Sullivan, Charles T.},
    month = {1},
    pages = {109},
    volume = {5720},
    publisher = {SPIE},
    doi = {10.1117/12.588828},
    issn = {16057422}
}

@book{Madou1997FundamentalsMicrofabrication,
    title = {{Fundamentals of microfabrication}},
    year = {1997},
    author = {Madou, Marc J.},
    pages = {589},
    publisher = {CRC Press},
    isbn = {9780849394515}
}

@book{Keck1985FundamentalsFibers,
    title = {{Fundamentals of optical waveguide fibers}},
    year = {1985},
    booktitle = {IEEE Communications Magazine},
    author = {Keck, Donald B.},
    number = {5},
    pages = {17--22},
    volume = {23},
    isbn = {9780125250962},
    doi = {10.1109/MCOM.1985.1092576},
    issn = {01636804}
}

@book{Tang2018Guided-WaveOptoelectronics,
    title = {{Guided-Wave Optoelectronics}},
    year = {2018},
    booktitle = {ثبثبثب},
    author = {Tang, Ning and {بیبیبیبیبیبیبی ثبثبثب} and P{\'{u}}blica, Salud and Msp, I I and Miranda, Carlos and Casos, Estudio D E L O S and En, D E Cólera and John, Londres and {بیبیبیبیبیبیبی ثبثبثب} and California, Baja and P{\'{e}}rez G{\'{o}}mez, Beatriz; and Rodr{\'{i}}guez Artalejo, Fernando; and Villar {\'{A}}lvarez, Fernando; and L{\'{o}}pez-Abente, Gonzalo; and Imaz Iglesia, Iñaki; and Jim{\'{e}}nez Jim{\'{e}}nez, Damián; and Catal{\'{a}}n Castilla, Jesús and Gonz{\'{a}}lez Enr{\'{i}}quez, Jesús and Mart{\'{i}}n Moreno, José Maria and Banegas Banegas, José Ramón; and Campos Donado, Juan de Mata; and Poll{\'{a}}n Santamar{\'{i}}a, Marina; and Royo Bordonada, Miguel Ángel; and Delgado Rodr{\'{i}}guez, Miguel; and Aragon{\'{e}}s Sanz, Nuria and California, Baja and Del, Justificación and Comte, Auguste and Weber, Max and Del, Índice and {\'{I}}tu, C A P and Dizaje, Objetivos D E Apren and Tang, Ning and {بیبیبیبیبیبیبی ثبثبثب} and P{\'{u}}blica, Salud and Msp, I I and Miranda, Carlos and Casos, Estudio D E L O S and En, D E Cólera and John, Londres and {بیبیبیبیبیبیبی ثبثبثب} and California, Baja and P{\'{e}}rez G{\'{o}}mez, Beatriz; and Rodr{\'{i}}guez Artalejo, Fernando; and Villar {\'{A}}lvarez, Fernando; and L{\'{o}}pez-Abente, Gonzalo; and Imaz Iglesia, Iñaki; and Jim{\'{e}}nez Jim{\'{e}}nez, Damián; and Catal{\'{a}}n Castilla, Jesús and Gonz{\'{a}}lez Enr{\'{i}}quez, Jesús and Mart{\'{i}}n Moreno, José Maria and Banegas Banegas, José Ramón; and Campos Donado, Juan de Mata; and Poll{\'{a}}n Santamar{\'{i}}a, Marina; and Royo Bordonada, Miguel Ángel; and Delgado Rodr{\'{i}}guez, Miguel; and Aragon{\'{e}}s Sanz, Nuria and California, Baja and Del, Justificación and Comte, Auguste and Weber, Max and Del, Índice and {\'{I}}tu, C A P and Dizaje, Objetivos D E Apren},
    number = {ثق ثقثقثق},
    pages = {ثقثقثقثق},
    volume = {ث ققثق},
    isbn = {5856420187},
    keywords = {componentes, del organismo, equilibrio {\'{a}}cido-b{\'{a}}sico, respiratorio y metab{\'{o}}lico del, tamp{\'{o}}n}
}

@article{Qi2020IntegratedPhotonics,
    title = {{Integrated lithium niobate photonics}},
    year = {2020},
    journal = {Nanophotonics},
    author = {Qi, Yifan and Li, Yang},
    number = {6},
    pages = {1287--1320},
    volume = {9},
    doi = {10.1515/nanoph-2020-0013},
    issn = {21928614},
    keywords = {electro-optic, integrated photonics, lithium niobate, nonlinear optics, resonator, waveguide}
}

@book{Hunsperger2013IntegratedOptics:,
    title = {{Integrated Optics:}},
    year = {2013},
    booktitle = {Journal of Chemical Information and Modeling},
    author = {Hunsperger, R. G.;},
    number = {9},
    pages = {1689--1699},
    volume = {53},
    isbn = {9788578110796},
    doi = {10.1017/CBO9781107415324.004},
    issn = {1098-6596},
    pmid = {25246403},
    arxivId = {arXiv:1011.1669v3},
    keywords = {icle}
}

@book{Pollock2003IntegratedPhotonics,
    title = {{Integrated photonics}},
    year = {2003},
    author = {Pollock, Clifford R. and Lipson, Michal},
    publisher = {Springer US},
    url = {http://link.springer.com/10.1007/978-1-4757-5522-0},
    address = {Boston, MA},
    isbn = {978-1-4419-5398-8},
    doi = {10.1007/978-1-4757-5522-0}
}

@book{Lifante2004IntegratedPhotonics,
    title = {{Integrated Photonics}},
    year = {2004},
    author = {Lifante, Gines},
    pages = {51--90},
    volume = {90},
    isbn = {0470848685}
}

@book{Fowles1975IntroductionOptics,
    title = {{Introduction to Modern Optics}},
    year = {1975},
    author = {Fowles, Grant R.},
    edition = {2nd},
    pages = {151--195},
    publisher = {Dover Publications},
    address = {New York}
}

@misc{Fowles1968IntroductionOptics,
    title = {{Introduction to Modern Optics}},
    year = {1968},
    booktitle = {American Journal of Physics},
    author = {Fowles, Grant R. and Lynch, David W.},
    number = {8},
    pages = {770--771},
    volume = {36},
    doi = {10.1119/1.1975142},
    issn = {0002-9505}
}

@article{Vedral2013IntroductionScience,
    title = {{Introduction to Quantum Information Science}},
    year = {2013},
    journal = {Journal of Chemical Information and Modeling},
    author = {Vedral, Vlatko;},
    number = {9},
    pages = {1689--1699},
    volume = {53},
    isbn = {9788578110796},
    doi = {10.1017/CBO9781107415324.004},
    issn = {1098-6596},
    pmid = {25246403},
    arxivId = {arXiv:1011.1669v3},
    keywords = {icle}
}

@book{Loudon448s,
    title = {{Loudon, The Quantum Theory of Light, 3ed, Oxford, 2000, 448s}},
    url = {https://global.oup.com/academic/product/the-quantum-theory-of-light-9780198501763?cc=us&lang=en&},
    isbn = {9780198501763}
}

@techreport{JoshiLPCVDTechnology,
    title = {{LPCVD and PECVD silicon nitride for microelectronics technology}},
    booktitle = {Indian Journal of Engineering {\&} Materials Sciences},
    author = {Joshi, B C and Eranna, G and Runthala, D P and Dixit, B B and Wadhawan, P and Yyas, P D},
    pages = {303--309},
    volume = {7}
}

@techreport{Utermohlen2018MeanModel,
    title = {{Mean Field Theory Solution of the Ising Model}},
    year = {2018},
    author = {Utermohlen, Franz}
}

@misc{Leonhardt1995MeasuringLight,
    title = {{Measuring the quantum state of light}},
    year = {1995},
    booktitle = {Progress in Quantum Electronics},
    author = {Leonhardt, U. and Paul, H.},
    number = {2},
    pages = {89--130},
    volume = {19},
    doi = {10.1016/0079-6727(94)00007-L},
    issn = {00796727}
}

@misc{Brooker2003ModernOptics,
    title = {{Modern classical optics}},
    year = {2003},
    author = {Brooker, G.},
    pages = {416},
    isbn = {978-7-03-023623-4}
}

@article{Fabre2019ModesOptics,
    title = {{Modes and states in Quantum Optics}},
    year = {2019},
    author = {Fabre, Claude and Treps, Nicolas},
    url = {http://arxiv.org/abs/1912.09321},
    arxivId = {1912.09321}
}

@techreport{NewmanMonte1-4,
    title = {{Monte Carlo Methods in Statistical Physics chapter 1-4}},
    author = {Newman, M E J and Barkema, G T}
}

@techreport{FreireNanofabricationQuartz,
    title = {{Nanofabrication on insulating substrates Electron beam lithography on quartz Trabajo de Fin de M{\'{a}}ster: F{\'{i}}sica y Tecnolog{\'{i}}as F{\'{i}}sicas por Nanofabrication on insulating substrates EBL on Quartz}},
    author = {Freire, Francisco and Directores, Fernández and Mar{\'{i}}a, José and Nogueras, Teresa and Sangiao Barral, Soraya}
}

@book{Tang2018NoTitle,
    title = {{No Titleبیبیب}},
    year = {2018},
    booktitle = {ثبثبثب},
    author = {Tang, Ning and {بیبیبیبیبیبیبی ثبثبثب} and P{\'{u}}blica, Salud and Msp, I I and Miranda, Carlos and Casos, Estudio D E L O S and En, D E Cólera and John, Londres and {بیبیبیبیبیبیبی ثبثبثب} and California, Baja and P{\'{e}}rez G{\'{o}}mez, Beatriz; and Rodr{\'{i}}guez Artalejo, Fernando; and Villar {\'{A}}lvarez, Fernando; and L{\'{o}}pez-Abente, Gonzalo; and Imaz Iglesia, Iñaki; and Jim{\'{e}}nez Jim{\'{e}}nez, Damián; and Catal{\'{a}}n Castilla, Jesús and Gonz{\'{a}}lez Enr{\'{i}}quez, Jesús and Mart{\'{i}}n Moreno, José Maria and Banegas Banegas, José Ramón; and Campos Donado, Juan de Mata; and Poll{\'{a}}n Santamar{\'{i}}a, Marina; and Royo Bordonada, Miguel Ángel; and Delgado Rodr{\'{i}}guez, Miguel; and Aragon{\'{e}}s Sanz, Nuria and California, Baja and Del, Justificación and Comte, Auguste and Weber, Max and Del, Índice and {\'{I}}tu, C A P and Dizaje, Objetivos D E Apren and Tang, Ning and {بیبیبیبیبیبیبی ثبثبثب} and P{\'{u}}blica, Salud and Msp, I I and Miranda, Carlos and Casos, Estudio D E L O S and En, D E Cólera and John, Londres and {بیبیبیبیبیبیبی ثبثبثب} and California, Baja and P{\'{e}}rez G{\'{o}}mez, Beatriz; and Rodr{\'{i}}guez Artalejo, Fernando; and Villar {\'{A}}lvarez, Fernando; and L{\'{o}}pez-Abente, Gonzalo; and Imaz Iglesia, Iñaki; and Jim{\'{e}}nez Jim{\'{e}}nez, Damián; and Catal{\'{a}}n Castilla, Jesús and Gonz{\'{a}}lez Enr{\'{i}}quez, Jesús and Mart{\'{i}}n Moreno, José Maria and Banegas Banegas, José Ramón; and Campos Donado, Juan de Mata; and Poll{\'{a}}n Santamar{\'{i}}a, Marina; and Royo Bordonada, Miguel Ángel; and Delgado Rodr{\'{i}}guez, Miguel; and Aragon{\'{e}}s Sanz, Nuria and California, Baja and Del, Justificación and Comte, Auguste and Weber, Max and Del, Índice and {\'{I}}tu, C A P and Dizaje, Objetivos D E Apren},
    number = {ثق ثقثقثق},
    pages = {ثقثقثقثق},
    volume = {ث ققثق},
    isbn = {5856420187},
    keywords = {componentes, del organismo, equilibrio {\'{a}}cido-b{\'{a}}sico, respiratorio y metab{\'{o}}lico del, tamp{\'{o}}n}
}

@book{HausNoiseMeasurements,
    title = {{Noise and Quantum Optical Measurements}},
    author = {Haus, Hermann A},
    isbn = {3540652728}
}

@article{Yuen1983NoiseDetection,
    title = {{Noise in homodyne and heterodyne detection}},
    year = {1983},
    journal = {Optics Letters},
    author = {Yuen, Horace P. and Chan, Vincent W. S.},
    number = {3},
    month = {3},
    pages = {177},
    volume = {8},
    publisher = {Optical Society of America},
    url = {https://www.osapublishing.org/abstract.cfm?URI=ol-8-3-177},
    doi = {10.1364/OL.8.000177},
    issn = {0146-9592},
    keywords = {Coherent states, Homodyne detection, Homodyning, Oscillators, Quantum fluctuations, Quantum noise}
}

@article{Masalov2017NoiseAmplifiers,
    title = {{Noise spectra in balanced optical detectors based on transimpedance amplifiers}},
    year = {2017},
    journal = {Review of Scientific Instruments},
    author = {Masalov, A. V. and Kuzhamuratov, A. and Lvovsky, A. I.},
    number = {11},
    month = {11},
    pages = {113109},
    volume = {88},
    publisher = {American Institute of Physics Inc.},
    url = {http://aip.scitation.org/doi/10.1063/1.5004561},
    doi = {10.1063/1.5004561},
    issn = {10897623},
    pmid = {29195404},
    arxivId = {1709.05213},
    keywords = {circuit noise, operational amplifiers, photodetectors, shot noise, signal conditioning circuits}
}

@book{BoydNonlinearOptics,
    title = {{Nonlinear optics}},
    author = {Boyd, Robert;}
}

@book{Vaughan2014Optics,
    title = {{Optics}},
    year = {2014},
    author = {Vaughan, M.P.},
    institution = {University College Cork}
}

@article{Vaughan2014OpticsNotes,
    title = {{Optics Lecture Notes}},
    year = {2014},
    author = {Vaughan, M P},
    pages = {285}
}

@article{Luke2013OvercomingResonators,
    title = {{Overcoming Si{\_}3N{\_}4 film stress limitations for high quality factor ring resonators}},
    year = {2013},
    journal = {Optics Express},
    author = {Luke, Kevin and Dutt, Avik and Poitras, Carl B. and Lipson, Michal},
    number = {19},
    month = {9},
    pages = {22829},
    volume = {21},
    url = {https://www.osapublishing.org/oe/abstract.cfm?uri=oe-21-19-22829},
    doi = {10.1364/OE.21.022829},
    issn = {1094-4087}
}

@incollection{Bacaer2011Percolation1957,
    title = {{Percolation and epidemics (1957)}},
    year = {2011},
    booktitle = {A Short History of Mathematical Population Dynamics},
    author = {Baca{\"{e}}r, Nicolas and Baca{\"{e}}r, Nicolas},
    pages = {121--126},
    publisher = {Springer London},
    url = {https://link.springer.com/chapter/10.1007/978-0-85729-115-8_22},
    doi = {10.1007/978-0-85729-115-8{\_}22}
}

@misc{2016ProximityCorrection,
    title = {{Proximity Correction}},
    year = {2016},
    url = {https://ebeam.wnf.uw.edu/ebeamweb/doc/patternprep/patternprep/proximity_main.html}
}

@article{Murali2005ProximityLithography,
    title = {{Proximity Effect in E-beam Lithography}},
    year = {2005},
    author = {Murali, R.}
}

@misc{Feynman1986QuantumComputers,
    title = {{Quantum mechanical computers}},
    year = {1986},
    booktitle = {Foundations of Physics},
    author = {Feynman, Richard P.},
    number = {6},
    pages = {507--531},
    volume = {16},
    doi = {10.1007/BF01886518},
    issn = {00159018}
}

@article{Susskind1964QuantumOperator,
    title = {{Quantum mechanical phase and time operator}},
    year = {1964},
    journal = {Physics Physique FizikaPhysics Physique физика},
    author = {Susskind, Leonard and Glogower, Jonathan},
    number = {1},
    pages = {49--61},
    volume = {1},
    doi = {10.1103/physicsphysiquefizika.1.49},
    issn = {0554-128X}
}

@book{Fox2013QuantumIntroduction,
    title = {{Quantum optics: an introduction}},
    year = {2013},
    booktitle = {Journal of Chemical Information and Modeling},
    author = {Fox, Mark},
    number = {9},
    pages = {1689--1699},
    volume = {53},
    isbn = {9788578110796},
    doi = {10.1017/CBO9781107415324.004},
    issn = {1098-6596},
    pmid = {25246403},
    arxivId = {arXiv:1011.1669v3},
    keywords = {icle}
}

@book{Vogel2006QuantumEdition,
    title = {{Quantum Optics: Third, revised and extended edition}},
    year = {2006},
    booktitle = {Quantum Optics: Third, revised and extended edition},
    author = {Vogel, Werner and Welsch, Dirk Gunnar},
    pages = {1--508},
    isbn = {3527405070},
    doi = {10.1002/3527608524}
}

@article{Osten2001StatisticalOptics,
    title = {{Statistical optics}},
    year = {2001},
    journal = {Optics and Lasers in Engineering},
    author = {Osten, W},
    number = {6},
    pages = {403--404},
    volume = {35},
    doi = {10.1016/s0143-8166(01)00027-6},
    issn = {01438166}
}

@article{Bennett1993TeleportingChannels,
    title = {{Teleporting an unknown quantum state via dual classical and Einstein-Podolsky-Rosen channels}},
    year = {1993},
    journal = {Physical Review Letters},
    author = {Bennett, Charles H. and Brassard, Gilles and Cr{\'{e}}peau, Claude and Jozsa, Richard and Peres, Asher and Wootters, William K.},
    number = {13},
    pages = {1895--1899},
    volume = {70},
    doi = {10.1103/PhysRevLett.70.1895},
    issn = {00319007}
}

@book{LoudonTheLight,
    title = {{The quantum theory of light}},
    author = {{Loudon}}
}

@article{Drummond2012TheOptics,
    title = {{The quantum theory of nonlinear optics}},
    year = {2012},
    journal = {The Quantum Theory of Nonlinear Optics},
    author = {Drummond, Peter D. and Hillery, Mark},
    pages = {1--373},
    volume = {9781107004},
    isbn = {9780511783616},
    doi = {10.1017/CBO9780511783616}
}

@article{Sharapova2017ToolboxCircuits,
    title = {{Toolbox for the design of LiNbO3-based passive and active integrated quantum circuits}},
    year = {2017},
    journal = {New Journal of Physics},
    author = {Sharapova, P. R. and Luo, K. H. and Herrmann, H. and Reichelt, M. and Meier, T. and Silberhorn, C.},
    number = {12},
    volume = {19},
    publisher = {IOP Publishing},
    doi = {10.1088/1367-2630/aa9033},
    issn = {13672630},
    arxivId = {1704.03769},
    keywords = {HongOuMandel interference, integrated technologies, quantum circuits, quantum interferometer, quantum optics}
}

@article{Sharapova2017ToolboxHttps://doi.org/1,
    title = {{Toolbox for the designSharapova, P. R., Luo, K. H., Herrmann, H., Reichelt, M., Meier, T., {\&} Silberhorn, C. (2017). Toolbox for the design of {\$}LiNbO{\_}3{\$}-based passive and active integrated quantum circuits. New Journal of Physics, 19(12). https://doi.org/1}},
    year = {2017},
    journal = {New Journal of Physics},
    author = {Sharapova, P. R. and Luo, K. H. and Herrmann, H. and Reichelt, M. and Meier, T. and Silberhorn, C.},
    number = {12},
    month = {4},
    volume = {19},
    publisher = {Institute of Physics Publishing},
    url = {http://arxiv.org/abs/1704.03769 http://dx.doi.org/10.1088/1367-2630/aa9033},
    doi = {10.1088/1367-2630/aa9033},
    arxivId = {1704.03769},
    keywords = {HongOuMandel interference, integrated technologies, quantum circuits, quantum interferometer, quantum optics}
}

@article{Ji2017Ultra-low-lossThreshold,
    title = {{Ultra-low-loss on-chip resonators with sub-milliwatt parametric oscillation threshold}},
    year = {2017},
    journal = {Optica},
    author = {Ji, Xingchen and Barbosa, Felippe A. S. and Roberts, Samantha P. and Dutt, Avik and Cardenas, Jaime and Okawachi, Yoshitomo and Bryant, Alex and Gaeta, Alexander L. and Lipson, Michal},
    number = {6},
    month = {6},
    pages = {619},
    volume = {4},
    publisher = {The Optical Society},
    url = {https://www.osapublishing.org/viewmedia.cfm?uri=optica-4-6-619&seq=0&html=true https://www.osapublishing.org/abstract.cfm?uri=optica-4-6-619 https://www.osapublishing.org/optica/abstract.cfm?uri=optica-4-6-619},
    doi = {10.1364/optica.4.000619},
    issn = {2334-2536},
    keywords = {Crystalline materials, Frequency combs, Laser stabilization, Optical clocks, Optomechanics, Ring resonators}
}

@misc{UWLithography,
    title = {{UW WNF JEOL JBX-6300FS E-Beam Lithography}},
    url = {https://ebeam.wnf.uw.edu/ebeamweb/index.html}
}

@techreport{UWLithographyb,
    title = {{UW WNF JEOL JBX-6300FS E-Beam Lithography}},
    url = {https://ebeam.wnf.uw.edu/ebeamweb/index.html}
}

@article{Anwar2016VariationsVarieties,
    title = {{Variations of quality characteristics among oils of different soybean varieties}},
    year = {2016},
    journal = {Journal of King Saud University - Science},
    author = {Anwar, Farooq and Kamal, Ghulam Mustafa and Nadeem, Farooq and Shabir, Ghulam},
    number = {4},
    month = {10},
    pages = {332--338},
    volume = {28},
    publisher = {Elsevier B.V.},
    doi = {10.1016/j.jksus.2015.10.001},
    issn = {10183647},
    keywords = {GLC, HPLC, Linoleic acid, Oil yield, Oxidation state, Tocopherols}
}

@book{Series2003WaveguideDevices,
    title = {{Waveguide Nonlinear-Optic Devices}},
    year = {2003},
    booktitle = {Springer},
    author = {Series, Springer and Photonics, I N},
    pages = {329},
    url = {http://link.springer.com/content/pdf/10.1007/978-3-662-04603-6.pdf},
    isbn = {9783642055515},
    doi = {10.1007/978-3-662-10872-7}
}

@article{Rudolph2017WhyComputing,
    title = {{Why i am optimistic about the silicon-photonic route to quantum computing}},
    year = {2017},
    journal = {APL Photonics},
    author = {Rudolph, Terry},
    number = {3},
    volume = {2},
    url = {http://dx.doi.org/10.1063/1.4976737},
    doi = {10.1063/1.4976737},
    issn = {23780967},
    arxivId = {1607.08535}
}